<?xml version="1.0" encoding="UTF-8"?><collection xmlns="http://www.loc.gov/MARC21/slim"><record><leader>00423nam--2200133-i-4500</leader><controlfield tag="001">000021673</controlfield><controlfield tag="002">20161230</controlfield><controlfield tag="005">20161230201034</controlfield><controlfield tag="008">060222s1000------------r-----000-0-eng-d</controlfield><datafield ind1=" " ind2=" " tag="100"><subfield code="a">Harvey, E.Newton</subfield></datafield><datafield ind1=" " ind2=" " tag="245"><subfield code="a">A history of luminiscence from the earliest times usntil 1900</subfield></datafield><datafield ind1=" " ind2=" " tag="260"><subfield code="a">Philadelphia, The American Philosophical Soc.1957. Xxiii + 692 P</subfield></datafield><datafield ind1=" " ind2=" " tag="490"><subfield code="a">Memoirs Of The American Philosophycal Soc.,</subfield></datafield><datafield ind1=" " ind2=" " tag="852"><subfield code="a">14370</subfield></datafield></record></collection>